<?xml version="1.0" encoding="UTF-8"?><collection xmlns="http://www.loc.gov/MARC21/slim"><record><leader>00490nam--2200145-i-4500</leader><controlfield tag="001">000043447</controlfield><controlfield tag="002">20161230</controlfield><controlfield tag="005">20161230201044</controlfield><controlfield tag="008">060222s1000------------r-----000-0-eng-d</controlfield><datafield ind1=" " ind2=" " tag="080"><subfield code="a">550.34(520)</subfield></datafield><datafield ind1=" " ind2=" " tag="100"><subfield code="a">Szirtes, Sigismond</subfield></datafield><datafield ind1=" " ind2=" " tag="245"><subfield code="a">Elements sismiques de quelques tremblements de terre japonais. 1-ere-partie</subfield></datafield><datafield ind1=" " ind2=" " tag="260"><subfield code="a">Strassburg, L`Association Int. De Sismologie, 1980.34 P</subfield></datafield><datafield ind1=" " ind2=" " tag="490"><subfield code="a">Publ.Du Bureau Central De L`Association Int.De Seismologie, Serie A.Memoire</subfield></datafield><datafield ind1=" " ind2=" " tag="852"><subfield code="a">47946</subfield></datafield></record></collection>